<?xml version="1.0" encoding="UTF-8"?>
<record xmlns="http://www.loc.gov/MARC21/slim" xmlns:xsi="http://www.w3.org/2001/XMLSchema-instance" xsi:schemaLocation="http://www.loc.gov/MARC21/slim http://www.loc.gov/standards/marcxml/schema/MARC21slim.xsd">
<leader>00000cam a22      a 4500</leader>
<controlfield tag="001">002961596</controlfield>
<controlfield tag="003">NNU</controlfield>
<controlfield tag="005">20150127182348.0</controlfield>
<controlfield tag="008">031106s1952    le            000 0 arard</controlfield>
<datafield tag="035" ind1=" " ind2=" ">
<subfield code="a">(OCoLC)53362248</subfield>
</datafield>
<datafield tag="040" ind1=" " ind2=" ">
<subfield code="a">IXA</subfield>
<subfield code="b">eng</subfield>
<subfield code="c">IXA</subfield>
<subfield code="d">OCLCG</subfield>
<subfield code="d">OCLCQ</subfield>
<subfield code="d">NNU</subfield>
</datafield>
<datafield tag="041" ind1="1" ind2=" ">
<subfield code="a">ara</subfield>
<subfield code="h">eng</subfield>
</datafield>
<datafield tag="050" ind1=" " ind2="4">
<subfield code="a">PJ7852.A5</subfield>
<subfield code="b">K5 1952</subfield>
</datafield>
<datafield tag="100" ind1="1" ind2=" ">
<subfield code="a">Nuʻaymah, Mīkhāʼīl,</subfield>
<subfield code="d">1889-1988</subfield>
<subfield code="6">880-01</subfield>
</datafield>
<datafield tag="240" ind1="1" ind2="0">
<subfield code="a">Book of Mirdad.</subfield>
<subfield code="l">Arabic</subfield>
</datafield>
<datafield tag="245" ind1="1" ind2="0">
<subfield code="6">880-02</subfield>
<subfield code="a">Kitāb mirdād :</subfield>
<subfield code="b">manārah wa-mīnāʼ /</subfield>
<subfield code="c">waḍaʻahu bi-al-Injilīzīyah wa-naqalahu ilá al-ʻArabīyah Mīkhāʼīl Nuʻaymah.</subfield>
</datafield>
<datafield tag="246" ind1="3" ind2="0">
<subfield code="6">880-03</subfield>
<subfield code="a">Mirdād</subfield>
</datafield>
<datafield tag="260" ind1=" " ind2=" ">
<subfield code="6">880-04</subfield>
<subfield code="a">Bayrūt :</subfield>
<subfield code="b">Maktabat Ṣādir,</subfield>
<subfield code="c">1952.</subfield>
</datafield>
<datafield tag="300" ind1=" " ind2=" ">
<subfield code="a">287 pages ;</subfield>
<subfield code="c">23 cm</subfield>
</datafield>
<datafield tag="336" ind1=" " ind2=" ">
<subfield code="a">text</subfield>
<subfield code="b">txt</subfield>
<subfield code="2">rdacontent</subfield>
</datafield>
<datafield tag="337" ind1=" " ind2=" ">
<subfield code="a">unmediated</subfield>
<subfield code="b">n</subfield>
<subfield code="2">rdamedia</subfield>
</datafield>
<datafield tag="338" ind1=" " ind2=" ">
<subfield code="a">volume</subfield>
<subfield code="b">nc</subfield>
<subfield code="2">rdacarrier</subfield>
</datafield>
<datafield tag="650" ind1=" " ind2="0">
<subfield code="a">Mysticism</subfield>
<subfield code="v">Fiction.</subfield>
</datafield>
<datafield tag="880" ind1="1" ind2=" ">
<subfield code="6">100-01/</subfield>
<subfield code="a">نعيمه، ميخائيل،</subfield>
<subfield code="d">1889-1988.</subfield>
</datafield>
<datafield tag="880" ind1="1" ind2="0">
<subfield code="6">245-02/</subfield>
<subfield code="a">كتاب مرداد :</subfield>
<subfield code="b">منارة وميناء /</subfield>
<subfield code="c">و ضعه بالانكليزية ونقله الى العربية ميخائيل نعيمه.</subfield>
</datafield>
<datafield tag="880" ind1="3" ind2="0">
<subfield code="6">246-03/</subfield>
<subfield code="a">مرداد</subfield>
</datafield>
<datafield tag="880" ind1=" " ind2=" ">
<subfield code="6">260-04/</subfield>
<subfield code="a">بيروت :</subfield>
<subfield code="b">مكتبة صادر،</subfield>
<subfield code="c">1952.</subfield>
</datafield>
<datafield tag="OWN" ind1=" " ind2=" ">
<subfield code="a">GENERAL</subfield>
</datafield>
<datafield tag="AVA" ind1=" " ind2=" ">
<subfield code="a">NYU50</subfield>
<subfield code="b">BOBST</subfield>
<subfield code="c">Main Collection</subfield>
<subfield code="d">B5049.N34 B613 1975</subfield>
<subfield code="e">unavailable</subfield>
<subfield code="t">Unavailable</subfield>
<subfield code="f">1</subfield>
<subfield code="g">1</subfield>
<subfield code="h">N</subfield>
<subfield code="i">0</subfield>
<subfield code="j">MAIN</subfield>
<subfield code="k">0</subfield>
</datafield>
</record>
